@article{julia15,
  author={Bezanson, J. and Edelman, A. and Karpinski S. and Shah, V. B},
  year={2015},
  title={Julia: A fresh approach to numerical computing},
  journal={Society for Industrial and Applied Mathematics},
  volume={59},
  pages={65--98},
}
@manual{mvstats,
  author={Dahua, L.},
  year={2018},
  title={MultivariateStats Documentation},
  url={media.readthedocs.org/pdf/multivariatestatsjl/latest/multivariatestatsjl.pdf},
  urldate={24 Jan 2018}
}
@article{florido17,
  author={Florido, E. A. and Dagaas, N. A. C.},
  year={2017},
  title={Carbon monoxide gas sensing using zinc oxide deposited by successive ionic layer adhesion and reaction},
  journal={IOP Conf. Series: Materials Science and Engineering},
  volume={201}
}
@article{gao08,
  author={Gao, X. D. and Li, X. M. and Yu, W. D.},
  year={2004},
  title={Synthesis and optical properties of ZnO nanocluster porous films deposited by modified SILAR method},
  journal={Applied Surface Science},
  volume={229},
  pages={275--281}
}
@article{gupta15,
  author={Gupta, A. and Cecen, A. and Goyal, S. and Singh, A. K. and Kalidindi, S. R.},
  year={2015},
  title={Structure-property linkages using a data science approach: Application to a non-metallic inclusion/steel composite system},
  journal={Acta Materialia},
  volume={91},
  pages={239--254}
}
@article{nessie,
  author={Kemmer, T. and Rjasanow, S. and Hildebrandt, A.},
  year={2018},
  title={ESSie.jl: Efficient and intuitive finite element and boundary element methods for nonlocal protein electrostatics in the Julia language},
  journal={Journal of Computational Science},
  volume={28},
  pages={193--203}
}
@article{qoptics,
  author={Krämer, S. and Plankensteiner, D. and Ostermann, L. and Ritsch, H.},
  year={2018},
  title={QuantumOptics.jl: A Julia framework for simulating open quantum systems},
  journal={Computer Physics Communications},
  volume={227},
  pages={109--116}
}
@article{biosim,
  author={Landeros, A. and Stutz, T. and Keys, K. L. and Alekseyenko, A. and Sinsheimer, J. S. and Lange, K. and Sehl, M. E.},
  year={2018},
  title={Biosimulator.jl: Stochastic simulation in Julia},
  journal={Computer Programs and Methods in Biomedicine},
  volume={167},
  pages={23--35}
}
@article{fetsense,
  author={Saikumar, A. K. and Skaria, G. and Sundaram, K. B.},
  year={2014},
  title={ZnO gate based MOSFETs for sensor applications},
  journal={ECS Transactions},
  volume={61},
  pages={65--69}
}
@article{sun17,
  author={Sun, Y. and Cecen, A. and Gibbs, J. W. and Kalidindi, S. R. and Voorhees, P. W.},
  year={2017},
  title={Analytics on large microstructure datasets using two-point spatial correlations: Coarsening of dendritic structures},
  journal={Acta Materialia},
  volume={132},
  pages={374--388}
}
@article{vargas08,
  author={Vargas-Hernández, C. and Jiménez-García, F. N. and Jurado, J. F. and Henao Granada, V.},
  year={2008},
  title={Comparison of ZnO thin films deposited by three different SILAR processes},
  journal={Microelectronics Journal},
  volume={39},
  pages={1349--1350}
}
@misc{pymks,
  author={Wheeler, D. and Brough, D. and Fast, T. and Kalidindi, S. and Reid, A.},
  year={2014},
  title={PyMKS: Materials Knowledge System in Python}
}
@article{yabansu14,
  author={Yabansu, Y. C. and Patel, D. K. and Kalidindi, S. R.},
  year={2014},
  title={Calibrated localization relationships for elastic response of polycrystalline aggregates},
  journal={Acta Materialia},
  volume={81},
  pages={151--160}
}